//###############################################################################
//# N1 - Manual - Bibliography                                                  #
//###############################################################################
//#    Copyright 2018 Dirk Heisswolf                                            #
//#    This file is part of the N1 project.                                     #
//#                                                                             #
//#    N1 is free software: you can redistribute it and/or modify               #
//#    it under the terms of the GNU General Public License as published by     #
//#    the Free Software Foundation, either version 3 of the License, or        #
//#    (at your option) any later version.                                      #
//#                                                                             #
//#    N1 is distributed in the hope that it will be useful,                    #
//#    but WITHOUT ANY WARRANTY; without even the implied warranty of           #
//#    MERCHANTABILITY or FITNESS FOR A PARTICULAR PURPOSE.  See the            #
//#    GNU General Public License for more details.                             #
//#                                                                             #
//#    You should have received a copy of the GNU General Public License        #
//#    along with N1.  If not, see <http://www.gnu.org/licenses/>.              #
//###############################################################################
//# Version History:                                                            #
//#   November 26, 2018                                                         #
//#      - Initial release                                                      #
//###############################################################################

@BOOKLET{j1,
	title =	{{J1}: a small {Forth} {CPU} {Core} for {FPGAs}},
	author = {James Bowman, Willow Garage, Menlo Park},
	year =	 {2010},
	howpublished = "\url{http://www.excamera.com/files/j1.pdf}",
	url = "\url{http://www.excamera.com/files/j1.pdf}"
}

@BOOKLET{wishbone,
	title =	{Wishbone B4},
	subtitle = {{WISHBONE} System-on-Chip (SoC)Interconnection Architecture for Portable IP Cores},
	institution = {Open Cores},
	year =	 {2010},
	howpublished = "\url{http://cdn.opencores.org/downloads/wbspec_b4.pdf}",
	url = "\url{http://cdn.opencores.org/downloads/wbspec_b4.pdf}"
}

@BOOKLET{dpans94,
	title = {{American} {National} {Standard} for {Information} {Systems}},
	subtitle = {{Programming} {Languages} -- {Forth}},
	institution = {American National Standards Institute, Inc.},
	year =	 {1994},
}

@MISC{verilator,
	author = {Wilson Snyder},
	title = {Verilator},
	howpublished = "\url{http://www.veripool.org/verilator}"
}

@MISC{iverilog,
	author = {Stephen Williams},
	title = {Icarus Verilog},
	howpublished = "\url{http://iverilog.icarus.com}"
}

@MISC{yosys,
	author = {Clifford Wolf},
	title = {Yosys Open SYnthesis Suite},
	howpublished = "\url{http://www.clifford.at/yosys}"
}

@MISC{sby,
	author = {Clifford Wolf},
	title = {SymbiYosys},
	subtitle = {Front-end for Yosys-based formal verification flows},
	howpublished = "\url{https://github.com/cliffordwolf/SymbiYosys}"
}

@MISC{gtkwave,
	author = {BSI},
	title = {GTKWave},
	howpublished = "\url{http://gtkwave.sourceforge.net}"
}

@MISC{vperl,
	author = {Wilson Snyder},
	title = {Verilog-Perl},
	howpublished = "\url{http://www.veripool.org/verilog-perl}"
}

@MANUAL{ansforth,
	title = {Programming Languages - Forth},
	type = {American National Standard for Information Systems},
        organisation = {American National Standards Institute, Inc.},
        month = {March 24},
	year = {1994}
}

